@article{shannon1948mathematical,
  title={A mathematical theory of communication},
  author={Shannon, Claude E},
  journal={The Bell system technical journal},
  volume={27},
  number={3},
  pages={379--423},
  year={1948},
  publisher={Nokia Bell Labs}
}

@article{huffman1952method,
  title={A method for the construction of minimum-redundancy codes},
  author={Huffman, David A},
  journal={Proceedings of the IRE},
  volume={40},
  number={9},
  pages={1098--1101},
  year={1952},
  publisher={IEEE}
}

@book{cover2006elements,
  title={Elements of information theory},
  author={Cover, Thomas M and Thomas, Joy A},
  year={2006},
  publisher={John Wiley \& Sons},
  edition={2nd},
  address={Hoboken, NJ}
}

@article{knuth1985dynamic,
  title={Dynamic Huffman coding},
  author={Knuth, Donald E},
  journal={Journal of algorithms},
  volume={6},
  number={2},
  pages={163--180},
  year={1985},
  publisher={Elsevier}
}

@article{witten1987arithmetic,
  title={Arithmetic coding for data compression},
  author={Witten, Ian H and Neal, Radford M and Cleary, John G},
  journal={Communications of the ACM},
  volume={30},
  number={6},
  pages={520--540},
  year={1987},
  publisher={ACM}
} 